% Author: Jacem Chaieb
% Date:   2015-07-26 13:42:06
% Last Modified by:   Jacem Chaieb
% Last Modified time: 2016-04-12 15:20:52

%%%%%%%%%%%%%%%%%%%%%%%%%%%%%%%%%%%%%%%%%%%%%%%%%%%%%%%%%%%%%%%%%%%%%%%%%%%
% You will put your bibliography in this file, use "online" for web
%%%%%%%%%%%%%%%%%%%%%%%%%%%%%%%%%%%%%%%%%%%%%%%%%%%%%%%%%%%%%%%%%%%%%%%%%%%

@online{1,
  title = {Get Started with the Salesforce Platform.},
  url = {https://trailhead.salesforce.com/content/learn/modules/starting_force_com/starting_intro},
  urldate = {22/05/2023}
}
@online{2,
  title = {Get Started with the Salesforce Platform.},
  url = {https://trailhead.salesforce.com/content/learn/modules/starting_force_com/starting_intro},
  urldate = {22/05/2023}
}
@online{3,
  title = {Get Started with the Salesforce Platform.},
  url = {https://trailhead.salesforce.com/content/learn/modules/starting_force_com/starting_intro},
  urldate = {22/05/2023}
}
@online{4,
  title = {Get Started with the Salesforce Platform.},
  url = {https://trailhead.salesforce.com/content/learn/modules/starting_force_com/starting_intro},
  urldate = {22/05/2023}
}
@online{5,
  title = {Get Started with the Salesforce Platform.},
  url = {https://trailhead.salesforce.com/content/learn/modules/starting_force_com/starting_intro},
  urldate = {22/05/2023}
}
@online{6,
  title = {Get Started with the Salesforce Platform.},
  url = {https://trailhead.salesforce.com/content/learn/modules/starting_force_com/starting_intro},
  urldate = {22/05/2023}
}
@online{7,
  title = {Get Started with the Salesforce Platform.},
  url = {https://trailhead.salesforce.com/content/learn/modules/starting_force_com/starting_intro},
  urldate = {22/05/2023}
}
@online{8,
  title = {Get Started with the Salesforce Platform.},
  url = {https://trailhead.salesforce.com/content/learn/modules/starting_force_com/starting_intro},
  urldate = {22/05/2023}
}
@online{9,
  title = {Get Started with the Salesforce Platform.},
  url = {https://trailhead.salesforce.com/content/learn/modules/starting_force_com/starting_intro},
  urldate = {22/05/2023}
}

%%%%%%%%%%%%%%%%%%%%%%%%%%%%%%%%%%%%%%%%%%%%%%%%%%%%%%%%%%%%%%%%%%%%%%%%%%%%%%%%%%%%%%%%%%%%%%%%%%%%%%%%%%%

% Optional fields: volume/number, series, address, edition, month, note
@book{bazerman1988shaping,
  title={Shaping written knowledge: The genre and activity of the experimental article in science},
  author={Bazerman, Charles and others},
  volume={356},
  year={1988},
  publisher={University of Wisconsin Press Madison}
}
@inproceedings{aboulnaga2001estimating,
  title={Estimating the selectivity of XML path expressions for internet scale applications},
  author={Aboulnaga, Ashraf and Alameldeen, Alaa R and Naughton, Jeffrey F},
  booktitle={VLDB},
  volume={1},
  pages={591--600},
  year={2001}
}
@article{singh1989review,
  title={Review article digital change detection techniques using remotely-sensed data},
  author={Singh, Ashbindu},
  journal={International journal of remote sensing},
  volume={10},
  number={6},
  pages={989--1003},
  year={1989},
  publisher={Taylor \& Francis}
}